<?xml version="1.0" encoding="UTF-8"?><collection xmlns="http://www.loc.gov/MARC21/slim"><record><leader>00441nam--2200133-i-4500</leader><controlfield tag="001">000039602</controlfield><controlfield tag="002">20161230</controlfield><controlfield tag="005">20161230201042</controlfield><controlfield tag="008">060222s1000------------r-----000-0-eng-d</controlfield><datafield ind1=" " ind2=" " tag="080"><subfield code="a">51:62</subfield></datafield><datafield ind1=" " ind2=" " tag="100"><subfield code="a">Rosenbrock, Howard H., Storey, Colin</subfield></datafield><datafield ind1=" " ind2=" " tag="245"><subfield code="a">Mathematik dynamischer-systeme. ein lehrbuch der modernen mathematik fur ingenieure. ubersetzt von u.forster s.a. mit 17 bildern</subfield></datafield><datafield ind1=" " ind2=" " tag="260"><subfield code="a">Munchen, R.Oldenbourg, 1971, 661p</subfield></datafield><datafield ind1=" " ind2=" " tag="852"><subfield code="a">41227</subfield></datafield></record></collection>